Untuk setiap referensi, baris pertama (newton1687) merupakan label dan baris-baris berikutnya
merupakan atribut dari referensi yang akan digunakan. Umumnya, format referensi berikut sudah
disediakan oleh penyedia sumber referensi secara online dan bisa langsung ditaruh di sini.

Lihat https://www.bibtex.com/g/bibtex-format/ untuk informasi lebih lanjut mengenai format
BibTex yang digunakan pada file ini.


@article{media_sosial,
  title  = {Apa itu Sosial Media},
  author = {Rafi Saumi Rustian},
  year   = {2012},
  note   = {diakses April 2022},
  url    = {http://www.unpas.ac.id/apa-itu-sosial-media/}
}

@inproceedings{ujaran_kebencian,
title = {Ujaran Kebencian Di Kalangan Pengguna Media Sosial Di Indonesia: Agama Dan Pandangan Politik},
author = {Muhammad Aulia Ash-Shidiq and Ahmad R Pratama},
year = {2021},
organization = {Universitas Islam Indonesia},
pages = {1--2}}

@article{dci,
title = {Microsoft Study Reveals Improvement In Digital Civility Across Asia-Pacific During Pandemic},
author = {Microsoft},
year = {2020},
note = {diakses April 2022},
url = {https://news.microsoft.com/id-id/2021/02/11/microsoft-study-reveals-improvement-in-digital-civility-across-asia-pacific-during-pandemic/}}

@inproceedings{dampak_kebencian,
title = {Peer to Peer Hate : Hate Speech Instigators and their targets},
author = {Elsherief M and S Nilizadeh and D Nguyen and Vigna G and Belding E},
year = {2018},
organizations = {icwsm},
pages = {52--61}}

@article{kominfo,
title = {Pemerintah Lakukan Dua Pendekatan Tangani Konten Ujaran Kebencian},
year = {2019},
note = {diakses April 2022},
url = {https://www.kominfo.go.id/content/detail/16415/pemerintah-lakukan-dua-pendekatan-tangani-konten-ujaran-kebencian/0/berita_satker}}

@inproceedings{dataset,
author = {Saputri, Mei and Mahendra, Rahmad and Adriani, Mirna},
year = {2018},
month = {11},
pages = {},
title = {Emotion Classification on Indonesian Twitter Dataset},
doi = {10.1109/IALP.2018.8629262}
}